
@article{JAIF23_Frisch,
  author  = {Daniel Frisch and Uwe D. Hanebeck},
  title   = {The generalized Fibonacci grid as Low-Discrepancy Point set for an but optimal deterministic Gaussian Sampling},
  pages   = {16--34},
  volume  = {18},
  number  = {1},
  year    = {2023},
  month   = jun, 
  journal = {Journal of Advances in Information Fusion},
  issn    = {1557-6418},
  url     = {https://confcats_isif.s3.amazonaws.com/web-files/journals/entries/Pages%20from%20JAIF-v18-i1-2-16-34_0.pdf},
}
